<?xml version="1.0" encoding="UTF-8"?>
<record>
  <leader>01098nam#a2200337#c#4500</leader>
  <controlfield tag="005">20210629073800.0</controlfield>
  <controlfield tag="007">tu</controlfield>
  <controlfield tag="008">040511|2005####gw#####|######|1|#u#ger#c</controlfield>
  <controlfield tag="003">DE-605</controlfield>
  <controlfield tag="001">990126276700206441</controlfield>
  <datafield tag="015" ind1=" " ind2=" ">
    <subfield code="a">05,A32,0161</subfield>
    <subfield code="z">04,N21,0956</subfield>
    <subfield code="2">dnb</subfield>
  </datafield>
  <datafield tag="016" ind1="7" ind2=" ">
    <subfield code="a">238307096</subfield>
    <subfield code="2">OCoLC</subfield>
  </datafield>
  <datafield tag="020" ind1=" " ind2=" ">
    <subfield code="a">3770538471</subfield>
    <subfield code="c">Kt. : ca. EUR 42.90, ca. CHF 74.00</subfield>
    <subfield code="9">3-7705-3847-1</subfield>
  </datafield>
  <datafield tag="024" ind1="3" ind2=" ">
    <subfield code="a">9783770538478</subfield>
  </datafield>
  <datafield tag="035" ind1=" " ind2=" ">
    <subfield code="a">(DE-605)HT014015351</subfield>
  </datafield>
  <datafield tag="040" ind1=" " ind2=" ">
    <subfield code="a">61</subfield>
    <subfield code="b">ger</subfield>
    <subfield code="c">292</subfield>
    <subfield code="d">468</subfield>
    <subfield code="e">rakddb</subfield>
    <subfield code="d">DE-605</subfield>
  </datafield>
  <datafield tag="041" ind1=" " ind2=" ">
    <subfield code="a">ger</subfield>
  </datafield>
  <datafield tag="044" ind1=" " ind2=" ">
    <subfield code="c">XA-DE</subfield>
  </datafield>
  <datafield tag="090" ind1=" " ind2=" ">
    <subfield code="h">h</subfield>
  </datafield>
  <datafield tag="245" ind1="0" ind2="0">
    <subfield code="a">Spuren, Lektüren</subfield>
    <subfield code="b">Praktiken des Symbolischen ; [Festschrift für Ludwig Jäger zum 60. Geburtstag]</subfield>
    <subfield code="c">hrsg. von Gisela Fehrmann ...</subfield>
  </datafield>
  <datafield tag="264" ind1=" " ind2="1">
    <subfield code="a">München</subfield>
    <subfield code="b">Fink</subfield>
    <subfield code="c">2005</subfield>
  </datafield>
  <datafield tag="300" ind1=" " ind2=" ">
    <subfield code="a">324 S. : Ill.</subfield>
  </datafield>
  <datafield tag="689" ind1="0" ind2="0">
    <subfield code="a">Abbild</subfield>
    <subfield code="D">s</subfield>
    <subfield code="0">(DE-588)4604932-0</subfield>
  </datafield>
  <datafield tag="689" ind1="0" ind2="1">
    <subfield code="a">Symbolik</subfield>
    <subfield code="D">s</subfield>
    <subfield code="0">(DE-588)4184194-3</subfield>
  </datafield>
  <datafield tag="964" ind1="0" ind2="s">
    <subfield code="F">051</subfield>
    <subfield code="A">mf||z|||</subfield>
  </datafield>
  <datafield tag="964" ind1="0" ind2="s">
    <subfield code="F">030</subfield>
    <subfield code="A">a|1uaz|z|||37</subfield>
  </datafield>
  <datafield tag="964" ind1="0" ind2="s">
    <subfield code="F">050</subfield>
    <subfield code="A">a|a|||||||||||</subfield>
  </datafield>
  <datafield tag="035" ind1=" " ind2=" ">
    <subfield code="a">(OCoLC)238307096</subfield>
  </datafield>
  <datafield tag="035" ind1=" " ind2=" ">
    <subfield code="a">(DE-599)HBZHT014015351</subfield>
  </datafield>
  <datafield tag="700" ind1="1" ind2=" ">
    <subfield code="a">Fehrmann, Gisela</subfield>
    <subfield code="4">edt</subfield>
  </datafield>
  <datafield tag="700" ind1="1" ind2=" ">
    <subfield code="a">Jäger, Ludwig</subfield>
    <subfield code="d">1943-</subfield>
    <subfield code="0">(DE-588)136788548</subfield>
    <subfield code="4">hnr</subfield>
  </datafield>
  <datafield tag="655" ind1=" " ind2="7">
    <subfield code="a">Aufsatzsammlung</subfield>
    <subfield code="0">(DE-588)4143413-4</subfield>
    <subfield code="2">gnd-content</subfield>
  </datafield>
  <datafield tag="MBD" ind1=" " ind2=" ">
    <subfield code="M">49HBZ_NETWORK</subfield>
    <subfield code="i">990126276700206441</subfield>
    <subfield code="n">HBZ Network</subfield>
  </datafield>
  <datafield tag="MBD" ind1=" " ind2=" ">
    <subfield code="M">49HBZ_WUP</subfield>
    <subfield code="i">990008935640206447</subfield>
    <subfield code="n">Bergische Universität Wuppertal</subfield>
  </datafield>
  <datafield tag="020" ind1=" " ind2=" ">
    <subfield code="a">3770538471</subfield>
    <subfield code="c">Kt. : ca. EUR 42.90, ca. CHF 74.00</subfield>
    <subfield code="9">3-7705-3847-1</subfield>
    <subfield code="M">49HBZ_WUP</subfield>
  </datafield>
  <datafield tag="983" ind1=" " ind2=" ">
    <subfield code="b">BJHJ</subfield>
    <subfield code="9">LOCAL</subfield>
    <subfield code="M">49HBZ_WUP</subfield>
  </datafield>
  <datafield tag="MBD" ind1=" " ind2=" ">
    <subfield code="M">49HBZ_FUH</subfield>
    <subfield code="i">990009680830106464</subfield>
    <subfield code="n">Fernuniversität Hagen</subfield>
  </datafield>
  <datafield tag="020" ind1=" " ind2=" ">
    <subfield code="a">3770538471</subfield>
    <subfield code="c">Kt. : ca. EUR 42.90, ca. CHF 74.00</subfield>
    <subfield code="9">3-7705-3847-1</subfield>
    <subfield code="M">49HBZ_FUH</subfield>
  </datafield>
  <datafield tag="983" ind1=" " ind2=" ">
    <subfield code="b">BJHJ</subfield>
    <subfield code="9">LOCAL</subfield>
    <subfield code="M">49HBZ_FUH</subfield>
  </datafield>
  <datafield tag="MBD" ind1=" " ind2=" ">
    <subfield code="M">49HBZ_SIE</subfield>
    <subfield code="i">990010072700106462</subfield>
    <subfield code="n">Universität Siegen</subfield>
  </datafield>
  <datafield tag="020" ind1=" " ind2=" ">
    <subfield code="a">3770538471</subfield>
    <subfield code="c">Kt. : ca. EUR 42.90, ca. CHF 74.00</subfield>
    <subfield code="9">3-7705-3847-1</subfield>
    <subfield code="M">49HBZ_SIE</subfield>
  </datafield>
  <datafield tag="983" ind1=" " ind2=" ">
    <subfield code="b">KKZJ</subfield>
    <subfield code="9">LOCAL</subfield>
    <subfield code="M">49HBZ_SIE</subfield>
  </datafield>
  <datafield tag="MNG" ind1=" " ind2=" ">
    <subfield code="c">System</subfield>
    <subfield code="f">HBZ</subfield>
    <subfield code="i">marc21</subfield>
    <subfield code="h">20210629073800.0</subfield>
    <subfield code="k">01</subfield>
    <subfield code="e">false</subfield>
    <subfield code="d">2023-04-07 10:42:07 Europe/Berlin</subfield>
    <subfield code="g">012627670-HBZ01</subfield>
    <subfield code="j">60</subfield>
    <subfield code="a">import</subfield>
    <subfield code="b">2021-04-05 23:12:18 Europe/Berlin</subfield>
  </datafield>
  <datafield tag="H52" ind1=" " ind2=" ">
    <subfield code="b">W0001</subfield>
    <subfield code="c">11</subfield>
    <subfield code="h"/>
    <subfield code="8">22148746040006447</subfield>
  </datafield>
  <datafield tag="HOL" ind1=" " ind2=" ">
    <subfield code="b">2021-04-06 09:04:56</subfield>
    <subfield code="8">22148746040006447</subfield>
    <subfield code="M">49HBZ_WUP</subfield>
    <subfield code="g">false</subfield>
    <subfield code="a">import</subfield>
  </datafield>
  <datafield tag="ITM" ind1=" " ind2=" ">
    <subfield code="H">22148746040006447</subfield>
    <subfield code="x">11</subfield>
    <subfield code="f">BOOK</subfield>
    <subfield code="v">11</subfield>
    <subfield code="p">11</subfield>
    <subfield code="X">System</subfield>
    <subfield code="U">2005-04-25 12:59:00 Europe/Berlin</subfield>
    <subfield code="Y">2021-04-06 11:05:36 Europe/Berlin</subfield>
    <subfield code="h">false</subfield>
    <subfield code="n">BJHJ1028</subfield>
    <subfield code="M">49HBZ_WUP</subfield>
    <subfield code="s">1</subfield>
    <subfield code="d">#</subfield>
    <subfield code="V">import</subfield>
    <subfield code="b">W00020777</subfield>
    <subfield code="a">23148746030006447</subfield>
    <subfield code="t">8</subfield>
    <subfield code="R">Maintenance count: 004</subfield>
    <subfield code="B">2005/325</subfield>
    <subfield code="D">20050425</subfield>
    <subfield code="W">2005-04-25 02:00:00 Europe/Berlin</subfield>
    <subfield code="u">W0001</subfield>
    <subfield code="w">W0001</subfield>
  </datafield>
  <datafield tag="H52" ind1=" " ind2=" ">
    <subfield code="b">F0001</subfield>
    <subfield code="c">00</subfield>
    <subfield code="8">2290329440006464</subfield>
  </datafield>
  <datafield tag="HOL" ind1=" " ind2=" ">
    <subfield code="b">2022-07-04 10:37:12</subfield>
    <subfield code="8">2290329440006464</subfield>
    <subfield code="M">49HBZ_FUH</subfield>
    <subfield code="g">false</subfield>
    <subfield code="a">import</subfield>
  </datafield>
  <datafield tag="ITM" ind1=" " ind2=" ">
    <subfield code="H">2290329440006464</subfield>
    <subfield code="x">00</subfield>
    <subfield code="f">BOOK</subfield>
    <subfield code="v">00</subfield>
    <subfield code="p">10</subfield>
    <subfield code="X">System</subfield>
    <subfield code="U">2014-04-08 12:59:00 Europe/Berlin</subfield>
    <subfield code="Y">2022-07-04 12:38:43 Europe/Berlin</subfield>
    <subfield code="h">false</subfield>
    <subfield code="n">BJHJ/JAE</subfield>
    <subfield code="P">01///</subfield>
    <subfield code="M">49HBZ_FUH</subfield>
    <subfield code="s">1</subfield>
    <subfield code="d">#</subfield>
    <subfield code="V">import</subfield>
    <subfield code="b">140533301</subfield>
    <subfield code="a">2390329400006464</subfield>
    <subfield code="R">Maintenance count: 001</subfield>
    <subfield code="S">FUH-71430</subfield>
    <subfield code="B">14/5333</subfield>
    <subfield code="D">20140903</subfield>
    <subfield code="W">2014-04-08 02:00:00 Europe/Berlin</subfield>
    <subfield code="u">F0001</subfield>
    <subfield code="w">F0001</subfield>
  </datafield>
  <datafield tag="H52" ind1="8" ind2=" ">
    <subfield code="b">S0001</subfield>
    <subfield code="c">AR2</subfield>
    <subfield code="8">2293572000006462</subfield>
  </datafield>
  <datafield tag="HOL" ind1=" " ind2=" ">
    <subfield code="b">2022-07-11 09:29:12</subfield>
    <subfield code="8">2293572000006462</subfield>
    <subfield code="M">49HBZ_SIE</subfield>
    <subfield code="g">false</subfield>
    <subfield code="a">import</subfield>
  </datafield>
  <datafield tag="ITM" ind1=" " ind2=" ">
    <subfield code="H">2293572000006462</subfield>
    <subfield code="x">AR2</subfield>
    <subfield code="f">BOOK</subfield>
    <subfield code="v">AR2</subfield>
    <subfield code="p">10</subfield>
    <subfield code="X">System</subfield>
    <subfield code="U">2005-10-13 12:59:00 Europe/Berlin</subfield>
    <subfield code="Y">2022-07-11 11:30:25 Europe/Berlin</subfield>
    <subfield code="h">false</subfield>
    <subfield code="n">21KKZJ1005</subfield>
    <subfield code="P">95///1</subfield>
    <subfield code="M">49HBZ_SIE</subfield>
    <subfield code="s">1</subfield>
    <subfield code="d">8</subfield>
    <subfield code="V">import</subfield>
    <subfield code="L">wa</subfield>
    <subfield code="b">21KKZJ1005</subfield>
    <subfield code="a">2393571990006462</subfield>
    <subfield code="t">8</subfield>
    <subfield code="R">Maintenance count: 008</subfield>
    <subfield code="S">67223</subfield>
    <subfield code="B">05/16462</subfield>
    <subfield code="D">20051018</subfield>
    <subfield code="W">2005-10-13 02:00:00 Europe/Berlin</subfield>
    <subfield code="u">S0001</subfield>
    <subfield code="w">S0001</subfield>
  </datafield>
</record>
